<?xml version="1.0" encoding="UTF-8"?><record xmlns="http://www.loc.gov/MARC21/slim" xmlns:cinclude="http://apache.org/cocoon/include/1.0" xmlns:zs="http://www.loc.gov/zing/srw/">
  <leader>00454cz  a2200133n  4500</leader>
  <controlfield tag="001">n  87817867 </controlfield>
  <controlfield tag="003">DLC</controlfield>
  <controlfield tag="005">19870408085009.6</controlfield>
  <controlfield tag="008">870323n| acannaab|          |n and |||  </controlfield>
  <datafield tag="010" ind1=" " ind2=" ">
    <subfield code="a">n  87817867 </subfield>
  </datafield>
  <datafield tag="040" ind1=" " ind2=" ">
    <subfield code="a">DLC</subfield>
    <subfield code="c">DLC</subfield>
    <subfield code="d">DLC</subfield>
  </datafield>
  <datafield tag="110" ind1="2" ind2="0">
    <subfield code="a">Ferguson Flats Ladies' Club (Alta.)</subfield>
  </datafield>
  <datafield tag="667" ind1=" " ind2=" ">
    <subfield code="a">NLC not consulted.</subfield>
  </datafield>
  <datafield tag="670" ind1=" " ind2=" ">
    <subfield code="a">nuc87-24586: Reminiscing in Ferguson Flats ... 1974?</subfield>
    <subfield code="b">(hdg. on CaBVaU rept.: Ferguson Flats Ladies' Clubs; usage: Ferguson Flats Ladies' Club)</subfield>
  </datafield>
</record>